<record><leader>00000cas a22000007a 4500</leader><controlfield tag="001">16054158</controlfield><controlfield tag="008">870623d19741978inuwr ne      0    0eng d</controlfield><datafield ind1=" " ind2=" " tag="010"><subfield code="a">sn 87056123 </subfield></datafield><datafield ind1=" " ind2=" " tag="040"><subfield code="a">NPI</subfield><subfield code="b">eng</subfield><subfield code="c">NPI</subfield><subfield code="d">OCLCQ</subfield></datafield><datafield ind1=" " ind2=" " tag="042"><subfield code="a">msc</subfield></datafield><datafield ind1="0" ind2="0" tag="245"><subfield code="a">Greenbriar press.</subfield></datafield><datafield ind1=" " ind2=" " tag="260"><subfield code="a">Indianapolis, Ind. :</subfield><subfield code="b">Suburban Press</subfield></datafield><datafield ind1=" " ind2=" " tag="310"><subfield code="a">Wekly</subfield></datafield><datafield ind1="1" ind2=" " tag="362"><subfield code="a">Began in 1974.</subfield><subfield code="z">Cf. Ayer, 1976.</subfield></datafield><datafield ind1=" " ind2=" " tag="588"><subfield code="a">Description based on: 3rd year, no. 35 (Sept. 1, 1976).</subfield></datafield><datafield ind1=" " ind2=" " tag="752"><subfield code="a">United States</subfield><subfield code="b">Indiana</subfield><subfield code="c">Marion</subfield><subfield code="d">Indianapolis.</subfield></datafield><datafield ind1="0" ind2="7" tag="785"><subfield code="t">Northwest press</subfield><subfield code="w">(DLC)sn 87056122</subfield></datafield><datafield ind1="0" ind2="7" tag="785"><subfield code="t">Northwest Greenbriar suburban press</subfield><subfield code="w">(DLC)sn 87056124</subfield></datafield></record>